<collection>
<record>
<leader>08274cpcaa22012617a 4500</leader>
<controlfield tag="001">12652859</controlfield>
<controlfield tag="005">20190602164535.0</controlfield>
<controlfield tag="007">sd |||e||ii||b</controlfield>
<controlfield tag="008">020123k19401940dcu spa </controlfield>
<datafield ind1=" " ind2=" " tag="906">
<subfield code="a">7</subfield>
<subfield code="b">cbc</subfield>
<subfield code="c">orignew</subfield>
<subfield code="d">u</subfield>
<subfield code="e">ncip</subfield>
<subfield code="f">20</subfield>
<subfield code="g">y-folklife</subfield>
</datafield>
<datafield ind1=" " ind2=" " tag="955">
<subfield code="a">
kblu 2002-02-13; mkru 2004-07-15; mkru 2004-08-16; mkru 2004-09-30; mkru 2009-08-11; cker 2012-18-12; cker 2012-26-12
</subfield>
</datafield>
<datafield ind1=" " ind2=" " tag="010">
<subfield code="a"> 2004695185</subfield>
<subfield code="z"> 99382125 </subfield>
</datafield>
<datafield ind1=" " ind2=" " tag="033">
<subfield code="a">1940----</subfield>
<subfield code="a">1940----</subfield>
</datafield>
<datafield ind1=" " ind2=" " tag="040">
<subfield code="a">DLC</subfield>
<subfield code="c">DLC</subfield>
<subfield code="e">appm</subfield>
<subfield code="d">DLC</subfield>
</datafield>
<datafield ind1="1" ind2=" " tag="041">
<subfield code="a">eng</subfield>
<subfield code="a">spa</subfield>
<subfield code="d">spa</subfield>
</datafield>
<datafield ind1=" " ind2=" " tag="043">
<subfield code="a">n-us-nm</subfield>
<subfield code="a">n-us-co</subfield>
</datafield>
<datafield ind1=" " ind2=" " tag="090">
<subfield code="a">AFS 3905-3940 (sound recordings)</subfield>
</datafield>
<datafield ind1=" " ind2=" " tag="090">
<subfield code="a">LWO 4872 r 255-259 (preservation tape)</subfield>
</datafield>
<datafield ind1=" " ind2=" " tag="090">
<subfield code="a">AFC 1940/002</subfield>
</datafield>
<datafield ind1="0" ind2="0" tag="245">
<subfield code="a">Juan B. Rael collection,</subfield>
<subfield code="f">1939-1999</subfield>
<subfield code="g">(bulk 1940).</subfield>
</datafield>
<datafield ind1=" " ind2=" " tag="300">
<subfield code="3">manuscripts</subfield>
<subfield code="a">21 folders.</subfield>
</datafield>
<datafield ind1=" " ind2=" " tag="300">
<subfield code="3">sound recordings</subfield>
<subfield code="a">36 sound discs (ca. 8 hrs.) :</subfield>
<subfield code="b">analog ;</subfield>
<subfield code="c">12 in.</subfield>
</datafield>
<datafield ind1=" " ind2=" " tag="300">
<subfield code="3">graphic images</subfield>
<subfield code="a">1 photographic print :</subfield>
<subfield code="b">b&w.</subfield>
</datafield>
<datafield ind1=" " ind2=" " tag="300">
<subfield code="a">6 computer disks ;</subfield>
<subfield code="c">3 1/2 in.</subfield>
</datafield>
<datafield ind1=" " ind2=" " tag="300">
<subfield code="a">1 disc (CD-ROM) :</subfield>
<subfield code="b">digital ;</subfield>
<subfield code="c">4 3/4 in.</subfield>
</datafield>
<datafield ind1=" " ind2=" " tag="351">
<subfield code="a">
Organized by format into the following series: I. Manuscript Materials; II. Graphic Images; III. Sound Recordings; IV. Electronic Media.
</subfield>
</datafield>
<datafield ind1=" " ind2=" " tag="500">
<subfield code="a">
In 1940, Juan Bautista Rael of Stanford University used disc recording equipment supplied by the Archive of American Folk Song (now the Archive of Folk Culture, American Folklife Center) to document religious and secular music of Spanish-speaking residents of the rural northern Rio Grande region.
</subfield>
</datafield>
<datafield ind1=" " ind2=" " tag="545">
<subfield code="a">
Linguist and folklorist Juan Bautista Rael was born on Aug. 14, 1900 in Arroyo Hondo, New Mexico. He earned a doctoral degree from Stanford University in 1937 and is highly regarded for his pioneering work in collecting and documenting Hispano cultural and religious traditions in northern New Mexico and southern Colorado, which resulted in a number of publications.
</subfield>
</datafield>
<datafield ind1=" " ind2=" " tag="520">
<subfield code="a">
This ethnographic field collection documents the musical heritage and Catholic religious and cultural traditions of the Hispano residents of the portion of the northern Rio Grande region spanning northern New Mexico and southern Colorado. It contains sound recordings of alabados (hymns), folk drama, wedding songs, and dance tunes performed by various artists singing a cappella and performing on fiddle, guitar, and harmonica, collected by Juan B. Rael in 1940. The collection includes correspondence with Alan Lomax and others at the Library of Congress (1939-1941), administrative materials, and recording logs. It also includes song transcriptions and translations and materials generated in the process of creating an American Memory online presentation in 1999, with essays and a glossary by Enrique R. Lamadrid.
</subfield>
</datafield>
<datafield ind1=" " ind2=" " tag="518">
<subfield code="a">
Field recordings on aluminum-based lacquer discs were made in Alamosa, Manassa, and Antonito, Colorado; and in Cerro, and Arroyo Hondo, New Mexico by Juan B. Rael in July-August,1940.
</subfield>
</datafield>
<datafield ind1="8" ind2=" " tag="524">
<subfield code="a">
Juan B. Rael Collection (AFC 1940/002), Archive of Folk Culture, American Folklife Center, Library of Congress, Washington, D.C.
</subfield>
</datafield>
<datafield ind1=" " ind2=" " tag="530">
<subfield code="a">
An online version of this collection, including essays in English and in Spanish and a bibliography and glossary, titled "Hispano Music and Culture of the Northern Rio Grande: The Juan B. Rael Collection" is available as an American Memory online resource compiled by the American Folklife Center and the National Digital Library Program of the Library of Congress.
</subfield>
</datafield>
<datafield ind1=" " ind2=" " tag="506">
<subfield code="a">
The collection is open for research; access copies are available in the Folklife Reading Room, Library of Congress.
</subfield>
</datafield>
<datafield ind1=" " ind2=" " tag="540">
<subfield code="a">
Duplication of the recorded materials may be governed by copyright and other restrictions. Publication of the recorded materials requires permission of the performers or their next-of-kin.
</subfield>
</datafield>
<datafield ind1="0" ind2=" " tag="544">
<subfield code="d">Collection guide for Rael manuscript materials;</subfield>
<subfield code="a">Stanford University.</subfield>
</datafield>
<datafield ind1="0" ind2=" " tag="544">
<subfield code="d">Bibliographic records for Rael material;</subfield>
<subfield code="a">New Mexico State Library.</subfield>
</datafield>
<datafield ind1=" " ind2=" " tag="546">
<subfield code="3">Manuscripts</subfield>
<subfield code="a">in English and Spanish.</subfield>
</datafield>
<datafield ind1=" " ind2=" " tag="546">
<subfield code="3">Sound recordings</subfield>
<subfield code="a">in Spanish.</subfield>
</datafield>
<datafield ind1="0" ind2=" " tag="555">
<subfield code="a">
Finding aid available in the Folklife Reading Room, Library of Congress, and online via the American Folklife Center World Wide Web Home Page.
</subfield>
</datafield>
<datafield ind1=" " ind2=" " tag="581">
<subfield code="a">
Publications: The New Mexican alabado / by Juan B. Rael. Stanford : Stanford University Press, 1951.
</subfield>
</datafield>
<datafield ind1="1" ind2="0" tag="600">
<subfield code="a">Rael, Juan Bautista</subfield>
<subfield code="x">Ethnomusicological collections.</subfield>
</datafield>
<datafield ind1="1" ind2="0" tag="600">
<subfield code="a">Rael, Juan Bautista</subfield>
<subfield code="v">Correspondence.</subfield>
</datafield>
<datafield ind1="1" ind2="0" tag="600">
<subfield code="a">Lomax, Alan,</subfield>
<subfield code="d">1915-2002</subfield>
<subfield code="v">Correspondence.</subfield>
</datafield>
<datafield ind1="1" ind2="0" tag="600">
<subfield code="a">Lamadrid, Enrique R.</subfield>
<subfield code="v">Correspondence.</subfield>
</datafield>
<datafield ind1=" " ind2="0" tag="650">
<subfield code="a">Hispanic Americans</subfield>
<subfield code="z">Rio Grande Valley Region (Colo.-Mexico and Tex.)</subfield>
<subfield code="v">Music.</subfield>
</datafield>
<datafield ind1=" " ind2="0" tag="650">
<subfield code="a">Hispanic Americans</subfield>
<subfield code="z">New Mexico</subfield>
<subfield code="v">Music.</subfield>
</datafield>
<datafield ind1=" " ind2="0" tag="650">
<subfield code="a">Hispanic Americans</subfield>
<subfield code="z">Colorado</subfield>
<subfield code="v">Music.</subfield>
</datafield>
<datafield ind1=" " ind2="0" tag="650">
<subfield code="a">Spanish Americans</subfield>
<subfield code="z">Rio Grande Valley Region (Colo.-Mexico and Tex.)</subfield>
<subfield code="v">Music.</subfield>
</datafield>
<datafield ind1=" " ind2="0" tag="650">
<subfield code="a">Spanish Americans</subfield>
<subfield code="z">Rio Grande Valley Region (Colo.-Mexico and Tex.)</subfield>
<subfield code="x">Religion.</subfield>
</datafield>
<datafield ind1=" " ind2="0" tag="650">
<subfield code="a">Hispanic American Catholics</subfield>
<subfield code="z">Rio Grande Valley Region (Colo.-Mexico and Tex.)</subfield>
<subfield code="x">Social life and customs.</subfield>
</datafield>
<datafield ind1=" " ind2="0" tag="650">
<subfield code="a">Folk music</subfield>
<subfield code="z">Rio Grande Valley Region (Colo.-Mexico and Tex.)</subfield>
</datafield>
<datafield ind1=" " ind2="0" tag="650">
<subfield code="a">Folk music</subfield>
<subfield code="z">New Mexico.</subfield>
</datafield>
<datafield ind1=" " ind2="0" tag="650">
<subfield code="a">Folk music</subfield>
<subfield code="z">Colorado.</subfield>
</datafield>
<datafield ind1=" " ind2="0" tag="650">
<subfield code="a">Folk songs, Spanish</subfield>
<subfield code="z">New Mexico.</subfield>
</datafield>
<datafield ind1=" " ind2="0" tag="650">
<subfield code="a">Folk songs, Spanish</subfield>
<subfield code="z">Colorado.</subfield>
</datafield>
<datafield ind1=" " ind2="0" tag="650">
<subfield code="a">Alabados.</subfield>
</datafield>
<datafield ind1=" " ind2="0" tag="650">
<subfield code="a">Hymns, Spanish</subfield>
<subfield code="z">New Mexico.</subfield>
</datafield>
<datafield ind1=" " ind2="0" tag="650">
<subfield code="a">Hymns, Spanish</subfield>
<subfield code="z">Colorado.</subfield>
</datafield>
<datafield ind1=" " ind2="0" tag="650">
<subfield code="a">Coplas</subfield>
<subfield code="z">Rio Grande Valley Region (Colo.-Mexico and Tex.)</subfield>
</datafield>
<datafield ind1=" " ind2="0" tag="650">
<subfield code="a">Decimas, Spanish American</subfield>
<subfield code="z">Rio Grande Valley Region (Colo.-Mexico and Tex.)</subfield>
</datafield>
<datafield ind1=" " ind2="0" tag="650">
<subfield code="a">Folk drama, Hispanic American (Spanish)</subfield>
<subfield code="z">Rio Grande Valley Region (Colo.-Mexico and Tex.)</subfield>
</datafield>
<datafield ind1=" " ind2="0" tag="650">
<subfield code="a">Posadas (Social custom)</subfield>
<subfield code="z">Rio Grande Valley Region (Colo.-Mexico and Tex.)</subfield>
</datafield>
<datafield ind1=" " ind2="0" tag="650">
<subfield code="a">Wedding music</subfield>
<subfield code="z">Rio Grande Valley Region (Colo.-Mexico and Tex.)</subfield>
</datafield>
<datafield ind1=" " ind2="0" tag="650">
<subfield code="a">Dance music</subfield>
<subfield code="z">Rio Grande Valley Region (Colo.-Mexico and Tex.)</subfield>
</datafield>
<datafield ind1=" " ind2="0" tag="650">
<subfield code="a">New Year music.</subfield>
</datafield>
<datafield ind1=" " ind2="0" tag="650">
<subfield code="a">Christmas plays, Spanish</subfield>
<subfield code="z">Rio Grande Valley Region (Colo.-Mexico and Tex.)</subfield>
</datafield>
<datafield ind1=" " ind2="0" tag="650">
<subfield code="a">Recitations.</subfield>
</datafield>
<datafield ind1=" " ind2="0" tag="650">
<subfield code="a">Fiddle tunes</subfield>
<subfield code="z">Rio Grande Valley Region (Colo.-Mexico and Tex.)</subfield>
</datafield>
<datafield ind1=" " ind2="0" tag="650">
<subfield code="a">Waltz</subfield>
<subfield code="z">Rio Grande Valley Region (Colo.-Mexico and Tex.)</subfield>
</datafield>
<datafield ind1=" " ind2="0" tag="650">
<subfield code="a">Marches</subfield>
<subfield code="z">Rio Grande Valley Region (Colo.-Mexico and Tex.)</subfield>
</datafield>
<datafield ind1=" " ind2="0" tag="650">
<subfield code="a">Field recordings</subfield>
<subfield code="z">New Mexico.</subfield>
</datafield>
<datafield ind1=" " ind2="0" tag="650">
<subfield code="a">Field recordings</subfield>
<subfield code="z">Colorado.</subfield>
</datafield>
<datafield ind1=" " ind2="7" tag="655">
<subfield code="a">Sound recordings.</subfield>
<subfield code="2">aat</subfield>
</datafield>
<datafield ind1=" " ind2="7" tag="655">
<subfield code="a">Manuscripts.</subfield>
<subfield code="2">aat</subfield>
</datafield>
<datafield ind1=" " ind2="7" tag="655">
<subfield code="a">Photographs.</subfield>
<subfield code="2">aat</subfield>
</datafield>
<datafield ind1=" " ind2="7" tag="655">
<subfield code="a">Correspondence.</subfield>
<subfield code="2">aat</subfield>
</datafield>
<datafield ind1=" " ind2="7" tag="655">
<subfield code="a">Field recordings.</subfield>
<subfield code="2">lcgft</subfield>
</datafield>
<datafield ind1="1" ind2=" " tag="700">
<subfield code="a">Anaya, Ernestina,</subfield>
<subfield code="e">performer.</subfield>
</datafield>
<datafield ind1="1" ind2=" " tag="700">
<subfield code="a">Anaya, Nieves,</subfield>
<subfield code="e">performer.</subfield>
</datafield>
<datafield ind1="1" ind2=" " tag="700">
<subfield code="a">Archuleta, Ricardo,</subfield>
<subfield code="e">performer.</subfield>
</datafield>
<datafield ind1="1" ind2=" " tag="700">
<subfield code="a">Arellano, Esequiel,</subfield>
<subfield code="e">performer.</subfield>
</datafield>
<datafield ind1="1" ind2=" " tag="700">
<subfield code="a">Arellano, Narciso,</subfield>
<subfield code="e">performer.</subfield>
</datafield>
<datafield ind1="1" ind2=" " tag="700">
<subfield code="a">Cantú, José Ignacio,</subfield>
<subfield code="e">performer.</subfield>
</datafield>
<datafield ind1="1" ind2=" " tag="700">
<subfield code="a">Chávez, Adelaido,</subfield>
<subfield code="e">performer.</subfield>
</datafield>
<datafield ind1="1" ind2=" " tag="700">
<subfield code="a">Chávez, Adolfo</subfield>
<subfield code="c">(Musician),</subfield>
<subfield code="e">performer.</subfield>
</datafield>
<datafield ind1="1" ind2=" " tag="700">
<subfield code="a">Espinosa, Rosabel L.,</subfield>
<subfield code="e">performer.</subfield>
</datafield>
<datafield ind1="1" ind2=" " tag="700">
<subfield code="a">García, Pedro</subfield>
<subfield code="c">(Guitarist),</subfield>
<subfield code="e">performer.</subfield>
</datafield>
<datafield ind1="1" ind2=" " tag="700">
<subfield code="a">Lobato, Julián,</subfield>
<subfield code="e">performer.</subfield>
</datafield>
<datafield ind1="1" ind2=" " tag="700">
<subfield code="a">Lobato, Salomé,</subfield>
<subfield code="e">performer.</subfield>
</datafield>
<datafield ind1="1" ind2=" " tag="700">
<subfield code="a">Mares, Remigio,</subfield>
<subfield code="e">performer.</subfield>
</datafield>
<datafield ind1="1" ind2=" " tag="700">
<subfield code="a">Martínez y Lavadi, Samuel,</subfield>
<subfield code="e">performer.</subfield>
</datafield>
<datafield ind1="1" ind2=" " tag="700">
<subfield code="a">Medina, Esteban</subfield>
<subfield code="c">(Singer),</subfield>
<subfield code="e">performer.</subfield>
</datafield>
<datafield ind1="1" ind2=" " tag="700">
<subfield code="a">Montoya, Luis</subfield>
<subfield code="c">(Singer),</subfield>
<subfield code="e">performer.</subfield>
</datafield>
<datafield ind1="1" ind2=" " tag="700">
<subfield code="a">Romero, Alfredo</subfield>
<subfield code="c">(Singer),</subfield>
<subfield code="e">performer.</subfield>
</datafield>
<datafield ind1="1" ind2=" " tag="700">
<subfield code="a">Trujillo, Amado,</subfield>
<subfield code="e">performer.</subfield>
</datafield>
<datafield ind1="1" ind2=" " tag="700">
<subfield code="a">Romero, Alfredo</subfield>
<subfield code="c">(Singer),</subfield>
<subfield code="e">speaker.</subfield>
</datafield>
<datafield ind1="1" ind2=" " tag="700">
<subfield code="a">Rael, Juan Bautista,</subfield>
<subfield code="e">collector.</subfield>
</datafield>
<datafield ind1="1" ind2=" " tag="700">
<subfield code="a">Lamadrid, Enrique R.</subfield>
</datafield>
<datafield ind1="2" ind2=" " tag="710">
<subfield code="a">Archive of Folk Song (U.S.),</subfield>
<subfield code="e">collector.</subfield>
</datafield>
<datafield ind1="2" ind2=" " tag="710">
<subfield code="a">American Folklife Center.</subfield>
</datafield>
<datafield ind1="2" ind2=" " tag="710">
<subfield code="a">Library of Congress.</subfield>
<subfield code="b">National Digital Library Program.</subfield>
</datafield>
<datafield ind1="0" ind2=" " tag="740">
<subfield code="a">
Hispano music and culture of the Northern Rio Grande.
</subfield>
</datafield>
<datafield ind1=" " ind2=" " tag="852">
<subfield code="a">DLC-AFC</subfield>
<subfield code="b">Archive of Folk Culture, American Folklife Center,</subfield>
<subfield code="e">
101 Independence Ave. S.E., Washington, DC USA 20540-4610
</subfield>
</datafield>
<datafield ind1="4" ind2="2" tag="856">
<subfield code="3">Finding aid</subfield>
<subfield code="u">http://hdl.loc.gov/loc.afc/eadafc.af999001</subfield>
</datafield>
<datafield ind1="4" ind2="1" tag="856">
<subfield code="3">
Online presentation: Hispano Music & Culture from the Northern Rio Grande
</subfield>
<subfield code="u">http://hdl.loc.gov/loc.afc/collafc.af000001</subfield>
</datafield>
<datafield ind1=" " ind2=" " tag="985">
<subfield code="e">ammem</subfield>
</datafield>
<datafield ind1=" " ind2=" " tag="985">
<subfield code="a">afc/ead</subfield>
</datafield>
<datafield ind1=" " ind2=" " tag="985">
<subfield code="a">afc/coll</subfield>
</datafield>
</record>
</collection>